
<record>
  <controlfield tag="001">358416</controlfield>
  <datafield tag="024" ind1="7" ind2=" ">
    <subfield code="a">10.1007/BF01558389</subfield>
    <subfield code="2">DOI</subfield>
  </datafield>
  <datafield tag="035" ind1=" " ind2=" ">
    <subfield code="z">D93-17632</subfield>
    <subfield code="9">DESY</subfield>
  </datafield>
  <datafield tag="035" ind1=" " ind2=" ">
    <subfield code="z">D94-04618</subfield>
    <subfield code="9">DESY</subfield>
  </datafield>
  <datafield tag="035" ind1=" " ind2=" ">
    <subfield code="a">Akers:1993se</subfield>
    <subfield code="9">SPIRESTeX</subfield>
  </datafield>
  <datafield tag="035" ind1=" " ind2=" ">
    <subfield code="a">252659</subfield>
    <subfield code="9">CDS</subfield>
  </datafield>
  <datafield tag="037" ind1=" " ind2=" ">
    <subfield code="a">CERN-PPE-93-149</subfield>
  </datafield>
  <datafield tag="245" ind1=" " ind2=" ">
    <subfield code="a">A Measurement of the forward - backward asymmetry of e+ e- ---&gt; c anti-c and e+ e- ---&gt; b anti-b at center-of-mass energies on and near the Z0 peak using D*+- mesons</subfield>
  </datafield>
  <datafield tag="710" ind1=" " ind2=" ">
    <subfield code="g">OPAL</subfield>
  </datafield>
</record>